<?xml version="1.0" encoding="UTF-8"?><collection xmlns="http://www.loc.gov/MARC21/slim"><record><leader>00328nam--2200133-i-4500</leader><controlfield tag="001">000019166</controlfield><controlfield tag="002">20161230</controlfield><controlfield tag="005">20161230201033</controlfield><controlfield tag="008">060222s1000------------r-----000-0-eng-d</controlfield><datafield ind1=" " ind2=" " tag="080"><subfield code="a">621.941.1</subfield></datafield><datafield ind1=" " ind2=" " tag="100"><subfield code="a">Dodoc, Petre</subfield></datafield><datafield ind1=" " ind2=" " tag="245"><subfield code="a">Strunjirea de inalta precizie</subfield></datafield><datafield ind1=" " ind2=" " tag="260"><subfield code="a">Bucuresti, Editura Tehnica, 1970. 278 P</subfield></datafield><datafield ind1=" " ind2=" " tag="852"><subfield code="a">33522</subfield></datafield></record></collection>